@article{paper_1,
	author =       "He Li and Yongming Tang and Zhiqiang Que and Jiliang Zhang",
	title =        "FPGA Accelerated Post-Quantum Cryptography",
	journal =      "IEEE Transactions on Nanotechnology ( Volume: 21)",
	pages =        "685 - 691",
	year =         "2022",
	DOI =          "10.1109/TNANO.2022.3217802"
}

@misc{paper_2,
	author = "Kanad Basu and Deepraj Soni and Mohammed Nabeel and Ramesh Karri",
	title = "{NIST} Post-Quantum Cryptography- A Hardware Evaluation Study",
	howpublished = "Cryptology {ePrint} Archive, Paper 2019/047",
	year = "2019",
	url = "https://eprint.iacr.org/2019/047"
}

@book{DataMiningbook,
	author    = "Jiawei Han and Micheline Kamber and Jian Pei",
	title     = "Data Mining: Concepts and Techniques (The Morgan Kaufmann Series in Data Management Systems)",
	year      = "c2012",
	edition	  = "3rd ed.",
	publisher = "Burlington, Mass. : Elseviern"
}

@misc{overleaf,
	author    = "Overleaf",
	title     = "Overleaf LaTeX tutorials",
	year      = "2023",
	url       = "https://www.overleaf.com/learn/latex/Tutorials"
}
