
@article{paper_1,
	author =       "Manish Kumar",
	title =        "Post-quantum cryptography Algorithm's standardization and performance analysis",
	journal =      "Array Volume 15",
	year =         "2022",
	DOI =          "10.1016/j.array.2022.100242"
}

@article{paper_2,
	author =       "He Li and Yongming Tang and Zhiqiang Que and Jiliang Zhang",
	title =        "FPGA Accelerated Post-Quantum Cryptography",
	journal =      "IEEE Transactions on Nanotechnology ( Volume: 21)",
	pages =        "685 - 691",
	year =         "2022",
	DOI =          "10.1109/TNANO.2022.3217802"
}

@article{paper_3,
	author =       "Renata C. Policarpo	and Alexandre S. Nery and Robson de O. Albuquerque",
	title =        "Quantum-resistant Cryptography in FPGA",
	journal =      "7th Workshop on Communication Networks and Power Systems (WCNPS 2022)",
	year =         "2022",
	DOI =          "10.1109/WCNPS56355.2022.9969738"
}